@online{ENAPSP,
    author    = "ENAP",
    title     = "Receitas e Despesas",
    url       = "https://transparencia.educacao.sp.gov.br/Home/PrestacaoContas"
}

@online{QEDU,
    author    = "QEDU",
    title     = "Qedu",
    url       = "https://qedu.org.br/"
}

@online{PATIODIGITAL,
    author    = "PatioDigital",
    title     = "Patio Digital",
    url       = "https://patiodigital.sme.prefeitura.sp.gov.br/"
}

@online{EDUCACENSO,
    author    = "Educacenso",
    title     = "Educacenso",
    url       = "https://censobasico.inep.gov.br/censobasico/#/"
}

@online{PORTALTRANSPARENCIA,
    author    = "Portal da Transparência",
    title     = "Portal da Transparência",
    url       = "https://portaldatransparencia.gov.br/funcoes/12-educacao?ano=2023"
}

@online{CATALOGOESCOLAS,
    author    = "Inep",
    title     = "Inep catálogo de Escolas",
    url       = "https://inepdata.inep.gov.br/analytics/saw.dll?Dashboard"
}

@online{W3C,
    author    = "W3C",
    title     = "Data on the Web Best Practices",
    url       = "https://www.w3.org/TR/dwbp/"
}

@online{W3CSUMMARY,
    author    = "W3C",
    title     = "Best Practices Summary",
    url       = "https://www.w3.org/TR/dwbp/#bp-summary"
}

@online{SP,
    author    = "Prefeitura de São Paulo",
    title     = "Programa de Transferência de Recursos Financeiros - PTRF",
    url       = "http://dados.prefeitura.sp.gov.br/pt_PT/dataset/programa-de-transferencia-de-recursos-financeiros-ptrf"
}

@online{CU,
    author    = "Prefeitura de Curitiba",
    title     = "Portal de Transparência",
    url       = "https://www.transparencia.curitiba.pr.gov.br/sgp/despesasorcamentarias.aspx"
}

@online{MA,
    author    = "Manaus Prefeitura Municipal",
    title     = "Portal de Transparência Municipal",
    url       = "https://transparencia.manaus.am.gov.br/transparencia/v2/#/home"
}

@online{SA,
    author    = "Salvador Prefeitura",
    title     = "Transparência Salvador",
    url       = "http://www.transparencia.salvador.ba.gov.br/#/RealizacaoDespesa"
}

@online{CG,
    author    = "Campo Grande Prefeitura",
    title     = "Consulta de Despesas",
    url       = "https://transparencia.campogrande.ms.gov.br/consulta-de-despesas/?consulta_post=despesas&draw=1&data-inicial=01\%2F01\%2F2023&data-final=21\%2F06\%2F2023&orgao=30&categoria=&nome-fornecedor=&fornecedor="
}

@article{HE,
author = {Lavery, Darryn and Cockton, Gilbert and Atkinson, Malcolm},
year = {1996},
month = {05},
pages = {249-256},
title = {Heuristic Evaluation. Usability Evaluation Materials.},
url = {https://concretaux.com/wp-content/uploads/nielsenheuristicsCHI.pdf}
}

@article{DA,
author = {Bowen, Glenn},
year = {2009},
month = {08},
pages = {27-40},
title = {Document Analysis as a Qualitative Research Method},
volume = {9},
journal = {Qualitative Research Journal},
doi = {10.3316/QRJ0902027},
url = {https://biotap.utk.edu/wp-content/uploads/2019/02/document-analysis.pdf}
}

@online{GitHub,
    title     = "Governo Aberto",
    url       = "https://github.com/swy-326/GovernoAberto"
}

